

@article{Kramer:1990:EPP:93658.93672,
 author = {Kramer, Jeff and Magee, Jeff},
 title = {The Evolving Philosophers Problem: Dynamic Change Management},
 journal = {IEEE Trans. Softw. Eng.},
 issue_date = {November 1990},
 volume = {16},
 number = {11},
 month = nov,
 year = {1990},
 issn = {0098-5589},
 pages = {1293--1306},
 numpages = {14},
 url = {http://dx.doi.org/10.1109/32.60317},
 doi = {10.1109/32.60317},
 acmid = {93672},
 publisher = {IEEE Press},
 address = {Piscataway, NJ, USA},
 keywords = {Conic environment, component application concerns, concerns separation, configuration level, consistent state, distributed systems, dynamic change management, evolving philosophers problem, separation of concerns, software engineering, structural concerns, structural rules},
} 



@inproceedings{PanzicaLaManna:2013:FCC:2487336.2487349,
 author = {Panzica La Manna, Valerio and Greenyer, Joel and Ghezzi, Carlo and Brenner, Christian},
 title = {Formalizing Correctness Criteria of Dynamic Updates Derived from Specification Changes},
 booktitle = {Proceedings of the Int. Symp. on Software Engineering for Adaptive and Self-Managing Systems},
 year = {2013},
 isbn = {978-1-4673-4401-2},
 pages = {63--72},
 numpages = {10},
 url = {http://dl.acm.org/citation.cfm?id=2487336.2487349},
 acmid = {2487349},
 publisher = {IEEE Press},
} 



@article{DBLP:journals/tosem/UchitelKM04,
  author    = {Sebasti{\'a}n Uchitel and
               Jeff Kramer and
               Jeff Magee},
  title     = {Incremental elaboration of scenario-based specifications
               and behavior models using implied scenarios},
  journal   = {ACM Trans. Softw. Eng. Methodol.},
  volume    = {13},
  number    = {1},
  year      = {2004},
  pages     = {37-85},
  ee        = {http://doi.acm.org/10.1145/1005561.1005563},
  bibsource = {DBLP, http://dblp.uni-trier.de}
}


@book{runeson2012case,
  title={Case Study Research in Software Engineering: Guidelines and Examples},
  author={Runeson, P. and Host, M. and Rainer, A. and Regnell, B.},
  isbn={9781118104354},
  lccn={2011031429},
  url={http://books.google.com.ar/books?id=BU2YZwEACAAJ},
  year={2012},
  publisher={Wiley}
}


@article{Garlan:2004:RAS:1032275.1032348,
 author = {Garlan, David and Cheng, Shang-Wen and Huang, An-Cheng and Schmerl, Bradley and Steenkiste, Peter},
 title = {Rainbow: Architecture-Based Self-Adaptation with Reusable Infrastructure},
 journal = {Computer},
 issue_date = {October 2004},
 volume = {37},
 number = {10},
 month = oct,
 year = {2004},
 issn = {0018-9162},
 pages = {46--54},
 numpages = {9},
 url = {http://dx.doi.org/10.1109/MC.2004.175},
 doi = {10.1109/MC.2004.175},
 acmid = {1032348},
 publisher = {IEEE Computer Society Press},
 address = {Los Alamitos, CA, USA},
} 


@inproceedings{Bertolino:2009:ASB:1595696.1595719,
 author = {Bertolino, Antonia and Inverardi, Paola and Pelliccione, Patrizio and Tivoli, Massimo},
 title = {Automatic synthesis of behavior protocols for composable web-services},
 booktitle = {Proceedings of 7th ESEC/FSE},
 year = {2009},
 isbn = {978-1-60558-001-2},
 location = {Amsterdam, The Netherlands},
 pages = {141--150},
 numpages = {10},
 url = {http://doi.acm.org/10.1145/1595696.1595719},
 doi = {http://doi.acm.org/10.1145/1595696.1595719},
 acmid = {1595719},
 publisher = {ACM},
 address = {New York, NY, USA},
 keywords = {automatic synthesis, behavior protocols, testing, web-services},
}

@inproceedings{Huang:2004:RAS:1078026.1078430,
 author = {Huang, An-Cheng and Garlan, David and Schmerl, Bradley},
 title = {Rainbow: Architecture-Based Self-Adaptation with Reusable Infrastructure},
 booktitle = {Proceedings of the  Intl. Conf. on Autonomic Computing},
 year = {2004},
 isbn = {0-7695-2114-2},
 pages = {276--277},
 numpages = {2},
 url = {http://portal.acm.org/citation.cfm?id=1078026.1078430},
 acmid = {1078430},
 publisher = {IEEE CS},
}

@inproceedings{Bloem:2007:IPA:1266366.1266622,
 author = {Bloem, Roderick and Galler, Stefan and Jobstmann, Barbara and Piterman, Nir and Pnueli, Amir and Weiglhofer, Martin},
 title = {Interactive presentation: Automatic hardware synthesis from specifications: a case study},
 booktitle = {Proceedings of the conference on Design, automation and test in Europe},
 series = {DATE '07},
 year = {2007},
 isbn = {978-3-9810801-2-4},
 location = {Nice, France},
 pages = {1188--1193},
 numpages = {6},
 url = {http://portal.acm.org/citation.cfm?id=1266366.1266622},
 acmid = {1266622},
 publisher = {EDA Consortium},
 address = {San Jose, CA, USA},
}



@INPROCEEDINGS{980826, 
author={Shengbing Jiang and Kumar, R.}, 
booktitle={Decision and Control, 2001. Proceedings of the 40th IEEE Conference on}, 
title={Supervisory control of discrete event systems with CTL* temporal logic specifications}, 
year={2001}, 
volume={5}, 
pages={4122-4127}, 
keywords={control system synthesis;discrete event systems;formal languages;temporal logic;Ï‰-language;CTL* temporal logic specifications;computation tree logic;deterministic double exponential time;discrete event systems;full branching time logic;linear-time temporal logic;natural language specifications;regular *-language;supervisor synthesis algorithm;supervisory control;Automatic control;Computational complexity;Control systems;Discrete event systems;Distributed control;Formal languages;Logic design;Natural languages;Strain control;Supervisory control}, 
doi={10.1109/.2001.980826},}


@article{ulusoy-ijrr2013,
title={Optimality and Robustness in Multi-Robot Path Planning with Temporal Logic Constraints},
author={A. Ulusoy and S. L. Smith and X. C. Ding and C. Belta and D. Rus},
journal={International Journal of Robotics Research},
year={2013},
volume={32},
number={8},
pages={889--911},
}


@inproceedings{Magee:1996:DSS:239098.239104,
 author = {Magee, Jeff and Kramer, Jeff},
 title = {Dynamic Structure in Software Architectures},
 booktitle = {Proceedings of the Symp. on Found. of Soft. Eng.},
 series = {SIGSOFT '96},
 year = {1996},
 isbn = {0-89791-797-9},
 location = {San Francisco, California, USA},
 pages = {3--14},
 numpages = {12},
 url = {http://doi.acm.org/10.1145/239098.239104},
 doi = {10.1145/239098.239104},
 acmid = {239104},
 publisher = {ACM},
 address = {New York, NY, USA},
} 

@inproceedings{Oreizy:1998:ARS:302163.302181,
 author = {Oreizy, Peyman and Medvidovic, Nenad and Taylor, Richard N.},
 title = {Architecture-based Runtime Software Evolution},
 booktitle = {Proceedings of the 20th International Conference on Software Engineering},
 series = {ICSE '98},
 year = {1998},
 isbn = {0-8186-8368-6},
 location = {Kyoto, Japan},
 pages = {177--186},
 numpages = {10},
 url = {http://dl.acm.org/citation.cfm?id=302163.302181},
 acmid = {302181},
 publisher = {IEEE Computer Society},
 address = {Washington, DC, USA},
} 



@article{DBLP:journals/tse/UchitelBC09,
  author    = {Sebasti{\'a}n Uchitel and
               Greg Brunet and
               Marsha Chechik},
  title     = {Synthesis of Partial Behavior Models from Properties and
               Scenarios},
  journal   = {IEEE Trans. Software Eng.},
  volume    = {35},
  number    = {3},
  year      = {2009},
  pages     = {384-406},
  ee        = {http://doi.ieeecomputersociety.org/10.1109/TSE.2008.107},
  bibsource = {DBLP, http://dblp.uni-trier.de},
}

@article{DBLP:journals/tse/CasoBGU12,
  author    = {Guido de Caso and
               V\'{\i}ctor A. Braberman and
               Diego Garbervetsky and
               Sebasti{\'a}n Uchitel},
  title     = {Automated Abstractions for Contract Validation},
  journal   = {IEEE Trans. Software Eng.},
  volume    = {38},
  number    = {1},
  year      = {2012},
  pages     = {141-162},
  ee        = {http://doi.ieeecomputersociety.org/10.1109/TSE.2010.98},
  bibsource = {DBLP, http://dblp.uni-trier.de},
}

@inproceedings{Jackson:1995:WM:225014.225041,
 author = {Jackson, Michael},
 title = {The world and the machine},
 booktitle = {Proceedings of the 17th international conference on Software engineering},
 series = {ICSE '95},
 year = {1995},
 isbn = {            0-89791-708-1      },
 location = {Seattle, Washington, United States},
 pages = {283--292},
 numpages = {10},
 url = {http://doi.acm.org/10.1145/225014.225041},
 doi = {http://doi.acm.org/10.1145/225014.225041},
 acmid = {225041},
 publisher = {ACM},
 address = {New York, NY, USA},
}



@book{Manna:1992:TLR:128869,
 author = {Manna, Zohar and Pnueli, Amir},
 title = {The temporal logic of reactive and concurrent systems},
 year = {1992},
 isbn = {0-387-97664-7},
 publisher = {Springer-Verlag New York, Inc.},
 address = {New York, NY, USA},
}



@inproceedings{DBLP:conf/sigsoft/SykesHMK07,
  author    = {Daniel Sykes and
               William Heaven and
               Jeff Magee and
               Jeff Kramer},
  title     = {Plan-directed architectural change for autonomous systems},
  booktitle = {SAVCBS},
  year      = {2007},
  pages     = {15-21},
  ee        = {http://doi.acm.org/10.1145/1292316.1292318},
  crossref  = {DBLP:conf/sigsoft/2007savcbsDFDF},
  bibsource = {DBLP, http://dblp.uni-trier.de}
}
@proceedings{DBLP:conf/sigsoft/2007savcbsDFDF,
  editor    = {Arnd Poetzsch-Heffter},
  title     = {Proceedings of the 2007 Conference Specification and Verification
               of Component-Based Systems, SAVCBS 2007, Dubrovnik, Croatia,
               September 3-4, 2007},
  booktitle = {SAVCBS},
  publisher = {ACM},
  year      = {2007},
  isbn      = {978-1-59593-721-6},
  bibsource = {DBLP, http://dblp.uni-trier.de}
}


@incollection{Heaven:2009:CSG:1573856.1573864,
 author = {Heaven, William and Sykes, Daniel and Magee, Jeff and Kramer, Jeff},
 chapter = {A Case Study in Goal-Driven Architectural Adaptation},
 title = {Software Engineering for Self-Adaptive Systems},
 editor = {Cheng, Betty H. and Lemos, Rog\'{e}rio and Giese, Holger and Inverardi, Paola and Magee, Jeff},
 year = {2009},
 isbn = {978-3-642-02160-2},
 pages = {109--127},
 numpages = {19},
 url = {http://dx.doi.org/10.1007/978-3-642-02161-9_6},
 doi = {http://dx.doi.org/10.1007/978-3-642-02161-9_6},
 acmid = {1573864},
 publisher = {Springer-Verlag},
 address = {Berlin, Heidelberg},
}


@article{parnas95,
  title = "Functional documents for computer systems",
  journal = "Science of Computer Programming",
  volume = "25",
  number = "1",
  pages = "41 - 61",
  year = "1995",
  note = "",
  issn = "0167-6423",
  doi = "DOI: 10.1016/0167-6423(95)96871-J",
  url = "http://www.sciencedirect.com/science/article/B6V17-3YF4BWW-9/2/4a41dd29003f62fc1407ca120f9e728e",
  author = "David Lorge Parnas and Jan Madey",
  keywords = "Documentation",
  keywords = "Formal Methods",
  keywords = "Software Engineering"
}

@article{DBLP:journals/tse/AlrajehKRU13,
  author    = {Dalal Alrajeh and
               Jeff Kramer and
               Alessandra Russo and
               Sebasti{\'a}n Uchitel},
  title     = {Elaborating Requirements Using Model Checking and Inductive
               Learning},
  journal   = {IEEE Trans. Software Eng.},
  volume    = {39},
  number    = {3},
  year      = {2013},
  pages     = {361-383},
  ee        = {http://doi.ieeecomputersociety.org/10.1109/TSE.2012.41},
  bibsource = {DBLP, http://dblp.uni-trier.de},
}

@article{DBLP:journals/tosem/CasoBGU13,
  author    = { Guido de Caso and
               V\'{\i}ctor A. Braberman and
               Diego Garbervetsky and
               Sebasti{\'a}n Uchitel},
  title     = {Enabledness-based program abstractions for behavior validation},
  journal   = {ACM Trans. Softw. Eng. Methodol.},
  volume    = {22},
  number    = {3},
  year      = {2013},
  pages     = {25},
  ee        = {http://doi.acm.org/10.1145/2491509.2491519},
  bibsource = {DBLP, http://dblp.uni-trier.de},
 }


@book{Nau:2004:APT:975615,
 author = {Nau, Dana and Ghallab, Malik and Traverso, Paolo},
 title = {Automated Planning: Theory \& Practice},
 year = {2004},
 isbn = {1558608567},
 publisher = {Morgan Kaufmann Publishers Inc.},
 address = {San Francisco, CA, USA},
} 

@inproceedings{DBLP:conf/ecp/GiunchigliaT99,
  author    = {Fausto Giunchiglia and
               Paolo Traverso},
  title     = {Planning as Model Checking},
  booktitle = {ECP},
  year      = {1999},
  pages     = {1-20},
  ee        = {http://dx.doi.org/10.1007/10720246_1},
  crossref  = {DBLP:conf/ecp/1999},
  bibsource = {DBLP, http://dblp.uni-trier.de}
}
@proceedings{DBLP:conf/ecp/1999,
  editor    = {Susanne Biundo and
               Maria Fox},
  title     = {Recent Advances in AI Planning, 5th European Conference
               on Planning, ECP'99, Durham, UK, September  8-10, 1999,
               Proceedings},
  booktitle = {ECP},
  publisher = {Springer},
  series    = {Lecture Notes in Computer Science},
  volume    = {1809},
  year      = {2000},
  isbn      = {3-540-67866-2},
  bibsource = {DBLP, http://dblp.uni-trier.de}
}

@article{Bloem:2007:SCR:1314705.1314862,
 author = {Bloem, Roderick and Galler, Stefan and Jobstmann, Barbara and Piterman, Nir and Pnueli, Amir and Weiglhofer, Martin},
 title = {Specify, Compile, Run: Hardware from PSL},
 journal = {Electron. Notes Theor. Comput. Sci.},
 volume = {190},
 issue = {4},
 month = {November},
 year = {2007},
 issn = {1571-0661},
 pages = {3--16},
 numpages = {14},
 url = {http://portal.acm.org/citation.cfm?id=1314705.1314862},
 doi = {10.1016/j.entcs.2007.09.004},
 acmid = {1314862},
 publisher = {Elsevier Science Publishers B. V.},
 address = {Amsterdam, The Netherlands, The Netherlands},
 keywords = {binary decision diagrams, games, synthesis, temporal logic},
}

@article{Hoare:1978:CSP:359576.359585,
 author = {Hoare, C. A. R.},
 title = {Communicating sequential processes},
 journal = {Communications of the ACM},
 volume = {21},
 issue = {8},
 month = {August},
 year = {1978},
 issn = {0001-0782},
 pages = {666--677},
 numpages = {12},
 url = {http://doi.acm.org/10.1145/359576.359585},
 doi = {http://doi.acm.org/10.1145/359576.359585},
 acmid = {359585},
 publisher = {ACM},
 address = {New York, NY, USA},
 keywords = {classes, concurrency, conditional critical regions, coroutines, data representations, guarded commands, input, iterative arrays, monitors, multiple entries, multiple exits, nondeterminacy, output, parallel programming, procedures, program structures, programming, programming languages, programming primitives, recursion},
}


@inproceedings{DBLP:conf/fossacs/ChatterjeeHP07,
  author    = {Krishnendu Chatterjee and
               Thomas A. Henzinger and
               Nir Piterman},
  title     = {Generalized Parity Games},
  booktitle = {FoSSaCS},
  year      = {2007},
  pages     = {153-167},
  ee        = {http://dx.doi.org/10.1007/978-3-540-71389-0_12},
  crossref  = {DBLP:conf/fossacs/2007},
  bibsource = {DBLP, http://dblp.uni-trier.de}
}
@proceedings{DBLP:conf/fossacs/2007,
  title     = {FOSSACS},
  publisher = {ETAPS},
  year      = {2007},
}



@inproceedings{sohail08,
  author    = {S. Sohail and
               F. Somenzi and
               K. Ravi},
  title     = {A Hybrid Algorithm for LTL Games},
  year      = {2008},
  pages     = {309-323},
  booktitle     = {9th International Conference on Verification, Model Checking, and Abstract Interpretation},
  publisher = {Springer},
  series    = {Lecture Notes in Computer Science},
  volume    = {4905},
}

@inproceedings{Schewe:2007:BS:1779046.1779081,
 author = {Schewe, Sven and Finkbeiner, Bernd},
 title = {Bounded synthesis},
 booktitle = {Proceedings of the 5th international conference on Automated technology for verification and analysis},
 series = {ATVA'07},
 year = {2007},
 isbn = {3-540-75595-0, 978-3-540-75595-1},
 location = {Tokyo, Japan},
 pages = {474--488},
 numpages = {15},
 url = {http://portal.acm.org/citation.cfm?id=1779046.1779081},
 acmid = {1779081},
 publisher = {Springer-Verlag},
 address = {Berlin, Heidelberg},
}


@inproceedings{Kupferman:2005:SDP:1097112.1097487,
 author = {Kupferman, Orna and Vardi, Moshe Y.},
 title = {Safraless Decision Procedures},
 booktitle = {Proceedings of the IEEE Symp. on Found. of Computer Science},
 series = {FOCS '05},
 year = {2005},
 isbn = {0-7695-2468-0},
 pages = {531--542},
 numpages = {12},
 url = {http://dx.doi.org/10.1109/SFCS.2005.66},
 doi = {http://dx.doi.org/10.1109/SFCS.2005.66},
 acmid = {1097487},
 publisher = {IEEE CS},
 address = {Washington, DC, USA},
}
@inproceedings{Pnueli:1989:SRM:75277.75293,
 author = {Pnueli, A. and Rosner, R.},
 title = {On the synthesis of a reactive module},
 booktitle = {Proceedings of the Symp. on Principles of Programming Languages},
 year = {1989},
 isbn = {0-89791-294-2},
 location = {Austin, Texas, United States},
 pages = {179--190},
 numpages = {12},
 url = {http://doi.acm.org/10.1145/75277.75293},
 doi = {http://doi.acm.org/10.1145/75277.75293},
 acmid = {75293},
 publisher = {ACM},
 address = {New York, NY, USA},
}



@article{buchi69,
  title={{Solving sequential conditions by finite-state strategies}},
  author={Buchi, J.R. and Landweber, L.H.},
  journal={Transactions of the American Mathematical Society},
  pages={295--311},
  year={1969},
  publisher={American Mathematical Society}
}

@inproceedings{rabin70,
  title={{Weakly definable relations and special automata}},
  author={Rabin, M.O.},
  booktitle={Proc. Symp. Math. Logic and Foundations of Set Theory},
  pages={1--23},
  year={1970}
}
@INPROCEEDINGS{Doherty04adistributed,
    author = {P. Doherty and P. Haslum and F. Heintz and T. Merz and P. Nyblom and T. Persson and B. Wingman},
    title = {A distributed architecture for autonomous unmanned aerial vehicle experimentation},
    booktitle = {In Proceedings of the 7th International Symposium on Distributed Autonomous Robotic Systems},
    year = {2004},
    pages = {221--230}
}


@Misc{TechRep,
	title = "{Appendix}",
	note = "http://www.doc.ic.ac.uk/\~{}su2/tmp/shl.pdf"
}


@proceedings{SEAMS,
  key = {SEAMS},
  title     = {ICSE Symposium on Software Engineering for Adaptive
               and Self-Managing Systems, SEAMS},
  booktitle = {SEAMS},
  publisher = {ACM/IEEE},
  year      = {2006-2013},
  isbn      = {0-7695-2973-9}
}

@article{DBLP:journals/jair/BrafmanS12,
  author    = {Ronen I. Brafman and
               Guy Shani},
  title     = {Replanning in Domains with Partial Information and Sensing
               Actions},
  journal   = {J. Artif. Intell. Res. (JAIR)},
  volume    = {45},
  year      = {2012},
  pages     = {565-600},
  ee        = {http://dx.doi.org/10.1613/jair.3711},
  bibsource = {DBLP, http://dblp.uni-trier.de}
}



@proceedings{DBLP:conf/models/runtime,
	key = {Workshop},
  title     = {Workshop on Models at Runtime Series},
  booktitle = {MODELS Conference},
  year      = {2006--2013},
  publisher = {ACM/IEEE},
}


@book{Thrun:2005:PR:1121596,
 author = {Thrun, Sebastian and Burgard, Wolfram and Fox, Dieter},
 title = {Probabilistic Robotics (Intelligent Robotics and Autonomous Agents)},
 year = {2005},
 isbn = {0262201623},
 publisher = {The MIT Press},
} 

@inproceedings{DBLP:conf/isrr/GillulaHVT09,
  author    = {Jeremy H. Gillula and
               Haomiao Huang and
               Michael P. Vitus and
               Claire J. Tomlin},
  title     = {Design and Analysis of Hybrid Systems, with Applications
               to Robotic Aerial Vehicles},
  booktitle = {ISRR},
  year      = {2009},
  pages     = {139-149},
  ee        = {http://dx.doi.org/10.1007/978-3-642-19457-3_9},
  crossref  = {DBLP:conf/isrr/2009},
  bibsource = {DBLP, http://dblp.uni-trier.de}
}
@proceedings{DBLP:conf/isrr/2009,
  title     = {Robotics Research - The 14th International Symposium, ISRR
               2009, August 31 - September 3, 2009, Lucerne, Switzerland},
  booktitle = {ISRR},
  publisher = {Springer},
  series    = {Tracts in Advanced Robotics},
  volume    = {70},
  year      = {2011},
  isbn      = {978-3-642-19456-6},
  ee        = {http://dx.doi.org/10.1007/978-3-642-19457-3},
  bibsource = {DBLP, http://dblp.uni-trier.de}
}



@inproceedings{DBLP:conf/icse/MarcoIS13,
  author    = {Antinisca Di Marco and
               Paola Inverardi and
               Romina Spalazzese},
  title     = {Synthesizing self-adaptive connectors meeting functional
               and performance concerns},
  booktitle = {SEAMS},
  year      = {2013},
  pages     = {133-142},
  ee        = {http://dl.acm.org/citation.cfm?id=2487358},
  crossref  = {DBLP:conf/icse/2013seams},
  bibsource = {DBLP, http://dblp.uni-trier.de}
}
@proceedings{DBLP:conf/icse/2013seams,
  editor    = {Marin Litoiu and
               John Mylopoulos},
  title     = {Proceedings of the 8th International Symposium on Software
               Engineering for Adaptive and Self-Managing Systems. SEAMS
               2013,  San Francisco, CA, USA, May 20-21, 2013},
  booktitle = {SEAMS},
  publisher = {IEEE / ACM},
  year      = {2013},
  isbn      = {978-1-4673-4401-2},
  ee        = {http://dl.acm.org/citation.cfm?id=2487336},
  bibsource = {DBLP, http://dblp.uni-trier.de}
}



@book{Gradel:2002:ALI:938135,
 editor = {Gr\"{a}del, Erich and Thomas, Wolfgang and Wilke, Thomas},
 title = {Automata logics, and infinite games: a guide to current research},
 year = {2002},
 isbn = {3-540-00388-6},
 publisher = {Springer-Verlag New York, Inc.},
 address = {New York, NY, USA},
}

@inproceedings{DBLP:conf/icse/LetierH13,
  author    = {Emmanuel Letier and
               William Heaven},
  title     = {Requirements modelling by synthesis of deontic input-output
               automata},
  booktitle = {ICSE},
  year      = {2013},
  pages     = {592-601},
  ee        = {http://dl.acm.org/citation.cfm?id=2486866},
  crossref  = {DBLP:conf/icse/2013},
  bibsource = {DBLP, http://dblp.uni-trier.de}
}
@proceedings{DBLP:conf/icse/2013,
  editor    = {David Notkin and
               Betty H. C. Cheng and
               Klaus Pohl},
  title     = {35th International Conference on Software Engineering, ICSE
               '13, San Francisco, CA, USA, May 18-26, 2013},
  booktitle = {ICSE},
  publisher = {IEEE / ACM},
  year      = {2013},
  isbn      = {978-1-4673-3076-3},
  ee        = {http://dl.acm.org/citation.cfm?id=2486788},
  bibsource = {DBLP, http://dblp.uni-trier.de}
}


@article{Manna:1980:DAP:357084.357090,
 author = {Manna, Zohar and Waldinger, Richard},
 title = {A Deductive Approach to Program Synthesis},
 journal = {ACM Trans. Program. Lang. Syst.},
 issue_date = {Jan. 1980},
 volume = {2},
 number = {1},
 month = jan,
 year = {1980},
 issn = {0164-0925},
 pages = {90--121},
 numpages = {32},
 url = {http://doi.acm.org/10.1145/357084.357090},
 doi = {10.1145/357084.357090},
 acmid = {357090},
 publisher = {ACM},
 address = {New York, NY, USA},
} 
[download]

@Misc{LTSA,
	title = "{The Labelled Transition System Analyser (LTSA)}",
	note = "http://www.doc.ic.ac.uk/ltsa/"
}

@article{Agre199017,
title = "What are plans for? ",
journal = "Robotics and Autonomous Systems ",
volume = "6",
number = "1-2",
pages = "17 - 34",
year = "1990",
note = "Designing Autonomous Agents",
issn = "0921-8890",
doi = "http://dx.doi.org/10.1016/S0921-8890(05)80026-0",
url = "http://www.sciencedirect.com/science/article/pii/S0921889005800260",
author = "Philip E. Agre and David Chapman",
}

@article{vanLamsweerde:2000:HOG:357525.357521,
 author = {van Lamsweerde, Axel and Letier, Emmanuel},
 title = {Handling Obstacles in Goal-Oriented Requirements Engineering},
 journal = {IEEE Trans. Softw. Eng.},
 issue_date = {October 2000},
 volume = {26},
 number = {10},
 month = oct,
 year = {2000},
 issn = {0098-5589},
 pages = {978--1005},
 numpages = {28},
 url = {http://dx.doi.org/10.1109/32.879820},
 doi = {10.1109/32.879820},
 acmid = {357521},
 publisher = {IEEE Press},
 address = {Piscataway, NJ, USA},
 keywords = {Goal-oriented requirements engineering, high-level exception handling, obstacle-based requirements transformation, defensive requirements specification, specification refinement, lightweight formal methods.},
} 

@book{Leveson:1995:SSS:202709,
 author = {Leveson, Nancy G.},
 title = {Safeware: System Safety and Computers},
 year = {1995},
 isbn = {0-201-11972-2},
 publisher = {ACM},
 address = {New York, NY, USA},
} 


@article{ramadge89,
  title={{The control of discrete event systems}},
  author={Ramadge, P.J.G and Wonham, W.M},
  journal={Proc. of the IEEE},
  volume={77},
  number={1},
  pages={81--98},
  keywords={automata theory;computational complexity;control theory;discrete event systems;dynamic system;formal language models;automata theory;computational complexity;control theory;discrete time systems;formal languages;},
  doi={10.1109/5.21072},
 ISSN={0018-9219},
 year={1989}
}

@article{Keller:1976:FVP:360248.360251,
 author = {Keller, Robert M.},
 title = {Formal verification of parallel programs},
 journal = {Communications of the ACM},
 volume = {19},
 issue = {7},
 month = {July},
 year = {1976},
 issn = {0001-0782},
 pages = {371--384},
 numpages = {14},
 url = {http://doi.acm.org/10.1145/360248.360251},
 doi = {http://doi.acm.org/10.1145/360248.360251},
 acmid = {360251},
 publisher = {ACM},
 address = {New York, NY, USA},
 keywords = {Petri nets, assertions, correctness, deadlock, mutual exclusion, parallel program, verification},
}

@article{TSE/German,
  author    = {German Sibay and
               Victor Braberman and
               Jeff Kramer and        
               Sebasti{\'a}n Uchitel},
  title     = {Synthesising Modal Transition Systems from Triggered Scenarios.},
  journal   = {IEEE Transactions Software Engineering},
year={2012}, 
month={ }, 
volume={PP}, 
number={99}, 
pages={1}, 
doi={10.1109/TSE.2012.62}, 
 issn = {0098-5589},
}



@article{DBLP:journals/re/UchitelCKM06,
  author    = {Sebasti{\'a}n Uchitel and
               Robert Chatley and
               Jeff Kramer and
               Jeff Magee},
  title     = {Goal and scenario validation: a fluent combination},
  journal   = {Requir. Eng.},
  volume    = {11},
  number    = {2},
  year      = {2006},
  pages     = {123-137},
  ee        = {http://dx.doi.org/10.1007/s00766-005-0024-3},
  bibsource = {DBLP, http://dblp.uni-trier.de},
}


@inproceedings{pnueli89a,
 author = {Pnueli, A. and Rosner, R.},
 title = {On the synthesis of a reactive module},
 booktitle = {Proceedings of the 16th ACM SIGPLAN-SIGACT symposium on Principles of programming languages},
 series = {POPL '89},
 year = {1989},
 isbn = {0-89791-294-2},
 location = {Austin, Texas, United States},
 pages = {179--190},
 numpages = {12},
 url = {http://doi.acm.org/10.1145/75277.75293},
 doi = {http://doi.acm.org/10.1145/75277.75293},
 acmid = {75293},
 publisher = {ACM},
 address = {New York, NY, USA},
}

@proceedings{lewerentz98,
 editor = {Lewerentz, Claus and Lindner, Thomas},
 title     = {Formal Development of Reactive Systems - Case Study Production Cell},
 booktitle = {Formal Development of Reactive Systems},
 series    = {Lecture Notes in Computer Science},
 volume    = {891},
 year      = {1995},
 isbn = {3-540-58867-1},
 publisher = {Springer-Verlag},
 address = {London, UK},
}

@article{DBLP:journals/tse/UchitelKM03,
  author    = {Sebasti{\'a}n Uchitel and
               Jeff Kramer and
               Jeff Magee},
  title     = {Synthesis of Behavioral Models from Scenarios},
  journal   = {IEEE Trans. Software Eng.},
  volume    = {29},
  number    = {2},
  year      = {2003},
  pages     = {99-115},
  ee        = {http://www.computer.org/tse/ts2003/e0099abs.htm},
  bibsource = {DBLP, http://dblp.uni-trier.de}
}

@inproceedings{gianna03,
 author = {Giannakopoulou, Dimitra and Magee, Jeff},
 title = {Fluent model checking for event-based systems},
 booktitle = {Proceedings of the 9th European software engineering conference held jointly with 11th ACM SIGSOFT international symposium on Foundations of software engineering},
 series = {ESEC/FSE-11},
 year = {2003},
 isbn = {1-58113-743-5},
 location = {Helsinki, Finland},
 pages = {257--266},
 numpages = {10},
 url = {http://doi.acm.org/10.1145/940071.940106},
 doi = {http://doi.acm.org/10.1145/940071.940106},
 acmid = {940106},
 publisher = {ACM},
 address = {New York, NY, USA},
 keywords = {linear temporal logic, model-checking, software architecture analysis},
}

@inproceedings{garlan04,
 author = {Huang, An-Cheng and Garlan, David and Schmerl, Bradley},
 title = {Rainbow: Architecture-Based Self-Adaptation with Reusable Infrastructure},
 booktitle = {Proceedings of the Intl. Conf. on Autonomic Computing},
 year = {2004},
 isbn = {0-7695-2114-2},
 pages = {276--277},
 numpages = {2},
 url = {http://portal.acm.org/citation.cfm?id=1078026.1078430},
 acmid = {1078430},
 publisher = {IEEE Computer Society},
 address = {Washington, DC, USA},
}

@inproceedings{inverardi04,
  title={{Synthesis of ``correct'' adaptors for protocol enhancement in component-based systems}},
  author={Autili, Marco and Inverardi, Paola and Tivoli, Massimo and Garlan, David},
  booktitle={Specification and Verification of Component-Based Systems},
  pages={79},
  year={2004},
  publisher={ACM}
}

@inproceedings{backbone,
 author = {A. McVeigh and J. Kramer and J. Magee},
 title = {{Using Resemblance to Support Component Reuse and Evolution}},
 booktitle = {Proc. of SIGSOFT/FSE Workshop on Specification and Verification of Component-based Systems},
 year = {2006},
 location = {Portland, Oregon},
 publisher = {ACM Press},
 address = {New York, NY, USA},
 category = {Architecture},
 read = {16/10/2006}
}

@article{piterman06,
  title={{Synthesis of reactive (1) designs}},
  author={Piterman, Nir and Pnueli, Amir and Sa'ar, Yaniv},
  booktitle={Proceedings of the 7th International Conference on Verification, Model Checking and Abstract Interpretation},
  journal={Lecture notes in computer science},
  volume={3855},
  pages={364--380},
  year={2006},
  publisher={Springer}
}

@book{magee06,
  title={{Concurrency: state models \& Java programs}},
  author={Magee, J. and Kramer, J.},
  year={2006},
  publisher={Wiley New York}
}

 @inproceedings{seams08,
 author = {Daniel Sykes and William Heaven and Jeff Magee and Jeff Kramer},
 title = {{From Goals to Components: A Combined Approach to Self-Management}},
 booktitle = {Proc. of the Workshop on Soft. Eng. for Adaptive and Self-Managing Systems},
 year = {2008}
 }


@article{DBLP:journals/tosem/FischbeinDBCU12,
  author    = {Dario Fischbein and
               Nicol{\'a}s D'Ippolito and
               Greg Brunet and
               Marsha Chechik and
               Sebasti{\'a}n Uchitel},
  title     = {Weak Alphabet Merging of Partial Behavior Models},
  journal   = {ACM Trans. Softw. Eng. Methodol.},
  volume    = {21},
  number    = {2},
  year      = {2012},
  pages     = {9},
  ee        = {http://doi.acm.org/10.1145/2089116.2089119},
  bibsource = {DBLP, http://dblp.uni-trier.de}
}

@inproceedings{D'Ippolito:2008:MMT:1642931.1643004,
 author = {D'Ippolito, Nicolas and Fischbein, Dario and Chechik, Marsha and Uchitel, Sebastian},
 title = {MTSA: The Modal Transition System Analyser},
 booktitle = {Proceedings of the 2008 23rd IEEE/ACM International Conference on Automated Software Engineering},
 series = {ASE '08},
 year = {2008},
 isbn = {978-1-4244-2187-9},
 pages = {475--476},
 numpages = {2},
 doi = {http://dx.doi.org/10.1109/ASE.2008.78},
 acmid = {1643004},
 publisher = {IEEE Computer Society},
 address = {Washington, DC, USA},
 url={https://sourceforge.net/projects/mtsa/},
 keywords = {tool support, modal transition system analyser, system behaviour},
}

@inproceedings{inverardi09,
 author = {Bertolino, Antonia and Inverardi, Paola and Pelliccione, Patrizio and Tivoli, Massimo},
 title = {Automatic synthesis of behavior protocols for composable web-services},
 booktitle = {Proceedings of the the 7th joint meeting of the European software engineering conference and the ACM SIGSOFT symposium on The foundations of software engineering},
 series = {ESEC/FSE '09},
 year = {2009},
 isbn = {978-1-60558-001-2},
 location = {Amsterdam, The Netherlands},
 pages = {141--150},
 numpages = {10},
 url = {http://doi.acm.org/10.1145/1595696.1595719},
 doi = {http://doi.acm.org/10.1145/1595696.1595719},
 acmid = {1595719},
 publisher = {ACM},
 address = {New York, NY, USA},
 keywords = {automatic synthesis, behavior protocols, testing, web-services},
}

@inproceedings{dippolito10,
 author = {D'Ippolito, Nicol\'{a}s Roque and Braberman, Victor and Piterman, Nir and Uchitel, Sebasti\'{a}n},
 title = {Synthesis of Live Behaviour Models},
 booktitle = {Proceedings of the Int. Symp. on Foundations of Soft. Eng.},
 series = {FSE '10},
 year = {2010},
 isbn = {978-1-60558-791-2},
 location = {Santa Fe, New Mexico, USA},
 pages = {77--86},
 numpages = {10},
 url = {http://doi.acm.org/10.1145/1882291.1882305},
 doi = {http://doi.acm.org/10.1145/1882291.1882305},
 acmid = {1882305},
 publisher = {ACM},
 keywords = {behavioural modelling, controller synthesis},
}

@inproceedings{dippolito11,
 author = {D'Ippolito, Nicol\'{a}s Roque and Braberman, Victor and Piterman, Nir and Uchitel, Sebasti\'{a}n},
 title = {Synthesis of Live Behavior Models for Fallible Domains},
 booktitle = {to appear in the 33rd International Conference of Software Engineering},
 series = {ICSE '11},
 year = {2011},
 location = {Waikiki, Honolulu, Hawaii},
 publisher = {ACM},
 address = {New York, NY, USA},
 keywords = {behavioural modelling, controller synthesis, failure models},
}



@inproceedings{DBLP:conf/icse/DIppolitoBPU11,
  author    = {Nicol{\'a}s D'Ippolito and
               V\'{\i}ctor A. Braberman and
               Nir Piterman and
               Sebasti{\'a}n Uchitel},
  title     = {Synthesis of live behaviour models for fallible domains},
  booktitle = {ICSE},
  year      = {2011},
  pages     = {211-220},
  ee        = {http://doi.acm.org/10.1145/1985793.1985823},
  crossref  = {DBLP:conf/icse/2011a},
  bibsource = {DBLP, http://dblp.uni-trier.de}
}
@proceedings{DBLP:conf/icse/2011a,
  editor    = {Richard N. Taylor and
               Harald Gall and
               Nenad Medvidovic},
  title     = {Proceedings of the 33rd International Conference on Software
               Engineering, ICSE 2011, Waikiki, Honolulu , HI, USA, May
               21-28, 2011},
  booktitle = {ICSE},
  publisher = {ACM},
  year      = {2011},
  isbn      = {978-1-4503-0445-0},
  bibsource = {DBLP, http://dblp.uni-trier.de}
}


@book{GAT,
  title={{Three-layer Architectures, Artificial Intelligence and Mobile Robots}},
  author={Gat, E.},
  year={1997},
  publisher={MIT/AAAI Press}
}

@inproceedings{Kramer:2007:SSA:1253532.1254723,
 author = {Kramer, Jeff and Magee, Jeff},
 title = {Self-Managed Systems: an Architectural Challenge},
 booktitle = {2007 Future of Software Engineering},
 series = {FOSE '07},
 year = {2007},
 isbn = {0-7695-2829-5},
 pages = {259--268},
 numpages = {10},
 url = {http://dx.doi.org/10.1109/FOSE.2007.19},
 doi = {10.1109/FOSE.2007.19},
 acmid = {1254723},
 publisher = {IEEE Computer Society},
 address = {Washington, DC, USA},
} 



@inproceedings{DBLP:conf/icse/DIppolito12,
  author    = {Nicol{\'a}s D'Ippolito},
  title     = {Synthesis of event-based controllers: A software engineering
               challenge},
  booktitle = {ICSE},
  year      = {2012},
  pages     = {1547-1550},
  ee        = {http://dx.doi.org/10.1109/ICSE.2012.6227040},
  crossref  = {DBLP:conf/icse/2012},
  bibsource = {DBLP, http://dblp.uni-trier.de}
}

@proceedings{DBLP:conf/icse/2012,
  editor    = {Martin Glinz and
               Gail C. Murphy and
               Mauro Pezz{\`e}},
  title     = {34th International Conference on Software Engineering, ICSE
               2012, June 2-9, 2012, Zurich, Switzerland},
  booktitle = {ICSE},
  publisher = {IEEE},
  year      = {2012},
  isbn      = {978-1-4673-1067-3},
  ee        = {http://ieeexplore.ieee.org/xpl/mostRecentIssue.jsp?punumber=6218989},
  bibsource = {DBLP, http://dblp.uni-trier.de}
}


@inproceedings{DBLP:conf/icsoc/FosterMRU08,
  author    = {Howard Foster and
               Arun Mukhija and
               David S. Rosenblum and
               Sebasti{\'a}n Uchitel},
  title     = {A Model-Driven Approach to Dynamic and Adaptive Service
               Brokering Using Modes},
  booktitle = {ICSOC},
  year      = {2008},
  pages     = {558-564},
  ee        = {http://dx.doi.org/10.1007/978-3-540-89652-4_46},
  crossref  = {DBLP:conf/icsoc/2008},
  bibsource = {DBLP, http://dblp.uni-trier.de},
    note = {{\footnotesize (Scopus)}},
}
@proceedings{DBLP:conf/icsoc/2008,
  editor    = {Athman Bouguettaya and
               Ingolf Kr{\"u}ger and
               Tiziana Margaria},
  title     = {Service-Oriented Computing - ICSOC 2008, 6th International
               Conference, Sydney, Australia, December 1-5, 2008. Proceedings},
  booktitle = {ICSOC},
  series    = {Lecture Notes in Computer Science},
  volume    = {5364},
  year      = {2008},
  isbn      = {978-3-540-89647-0},
  bibsource = {DBLP, http://dblp.uni-trier.de},
}



@incollection{DBLP:books/sp/sensoria2011/MukhijaRFU11,
  author    = {Arun Mukhija and
               David S. Rosenblum and
               Howard Foster and
               Sebasti{\'a}n Uchitel},
  title     = {Runtime Support for Dynamic and Adaptive Service Composition},
  booktitle = {Results of the SENSORIA Project},
  year      = {2011},
  pages     = {585-603},
  ee        = {http://dx.doi.org/10.1007/978-3-642-20401-2_28},
  crossref  = {DBLP:books/sp/sensoria11a},
  bibsource = {DBLP, http://dblp.uni-trier.de},
}
@book{DBLP:books/sp/sensoria11a,
  title     = {Rigorous Software Engineering for Service-Oriented Systems
               - Results of the SENSORIA Project on Software Engineering
               for Service-Oriented Computing},
  booktitle = {Results of the SENSORIA Project},
  publisher = {Springer},
  series    = {LNCS},
  volume    = {6582},
  year      = {2011},
  isbn      = {978-3-642-20400-5},
  ee        = {http://dx.doi.org/10.1007/978-3-642-20401-2},
  bibsource = {DBLP, http://dblp.uni-trier.de}
}
@COMMENT{MISSING METADATA}


@incollection{DBLP:books/sp/sensoria2011/FosterMRU11,
  author    = {Howard Foster and
               Arun Mukhija and
               David S. Rosenblum and
               Sebasti{\'a}n Uchitel},
  title     = {Specification and Analysis of Dynamically-Reconfigurable
               Service Architectures},
  booktitle = {Results of the SENSORIA Project},
  year      = {2011},
  pages     = {428-446},
  ee        = {http://dx.doi.org/10.1007/978-3-642-20401-2_20},
  crossref  = {DBLP:books/sp/sensoria11b},
  bibsource = {DBLP, http://dblp.uni-trier.de}, 
}
@book{DBLP:books/sp/sensoria11b,
  editor    = {Martin Wirsing and
               Matthias M. H{\"o}lzl},
  title     = {Rigorous Software Engineering for Service-Oriented Systems
               - Results of the SENSORIA Project on Software Engineering
               for Service-Oriented Computing},
  booktitle = {Results of the SENSORIA Project},
  publisher = {Springer},
  series    = {Lecture Notes in Computer Science},
  volume    = {6582},
  year      = {2011},
  isbn      = {978-3-642-20400-5},
  ee        = {http://dx.doi.org/10.1007/978-3-642-20401-2},
  bibsource = {DBLP, http://dblp.uni-trier.de}
}
@COMMENT{MISSING METADATA}

@article{dippolito13,
  author    = {Nicol\'{a}s D'Ippolito and Victor Braberman and Nir Piterman and Sebasti\'{a}n Uchitel},
  title     = {Synthesising Non-Anomalous Event-Based Controllers for Liveness Goals},
  journal   = {ACM Tran. Softw. Eng. Methodol.},
  volume    = {22},
  issue     = {1},
  year      = {2013},
}

@inproceedings{MultiTier14,
  author    = {Nicolas D'Ippolito and Victor Braberman and Jeff Kramer and Jeff Magee and Daniel Sykes and Sebastian Uchitel},
  title     = {Hope for the Best, Prepare for the Worst: Multi-Tier Control for Adaptive Systems},
  booktitle = {International Conference on Software Engineering},
  year      = {2014},
}


@inproceedings{DBLP:conf/fm/DIppolitoBPU12,
  author    = {Nicol{\'a}s D'Ippolito and
               V\'{\i}ctor A. Braberman and
               Nir Piterman and
               Sebasti{\'a}n Uchitel},
  title     = {The Modal Transition System Control Problem},
  booktitle = {FM},
  year      = {2012},
  pages     = {155-170},
  ee        = {http://dx.doi.org/10.1007/978-3-642-32759-9_15},
  crossref  = {DBLP:conf/fm/2012},
  bibsource = {DBLP, http://dblp.uni-trier.de}
}
@proceedings{DBLP:conf/fm/2012,
  editor    = {Dimitra Giannakopoulou and
               Dominique M{\'e}ry},
  title     = {FM 2012: Formal Methods - 18th International Symposium,
               Paris, France, August 27-31, 2012. Proceedings},
  booktitle = {FM},
  publisher = {Springer},
  series    = {Lecture Notes in Computer Science},
  volume    = {7436},
  year      = {2012},
  isbn      = {978-3-642-32758-2},
  ee        = {http://dx.doi.org/10.1007/978-3-642-32759-9},
  bibsource = {DBLP, http://dblp.uni-trier.de}
}



@inproceedings{plasma,
  title={PLASMA: a plan-based layered architecture for software model-driven adaptation},
  author={Tajalli, H. and Garcia, J. and Edwards, G. and Medvidovic, N.},
  booktitle={Proceedings of the Int. Conf. on Automated Soft. Eng.},
  pages={467--476},
  year={2010},
  organization={ACM}
}

 @article{hot,
 author = {William Heaven and Daniel Sykes and Jeff Magee and Jeff Kramer},
 title = {{A Case Study in Goal-Driven Architectural Adaptation}},
 journal = {Software Engineering for Self-Adaptive Systems},
 year = {2009}
 }


@inproceedings{savcbs,
  author    = {Daniel Sykes and
               William Heaven and
               Jeff Magee and
               Jeff Kramer},
  title     = {Plan-directed architectural change for autonomous systems},
  booktitle = {SAVCBS},
  year      = {2007},
  pages     = {15-21},
  ee        = {http://doi.acm.org/10.1145/1292316.1292318},
  crossref  = {DBLP:conf/sigsoft/2007savcbs},
  bibsource = {DBLP, http://dblp.uni-trier.de}
}
@proceedings{DBLP:conf/sigsoft/2007savcbs,
  editor    = {Arnd Poetzsch-Heffter},
  title     = {Proceedings of the 2007 Conference Specification and Verification
               of Component-Based Systems, SAVCBS 2007, Dubrovnik, Croatia,
               September 3-4, 2007},
  booktitle = {SAVCBS},
  publisher = {ACM},
  year      = {2007},
  isbn      = {978-1-59593-721-6},
  bibsource = {DBLP, http://dblp.uni-trier.de}
}
@incollection {PistoreBBST04,
   author = {Pistore, M. and Barbon, F. and Bertoli, P. and Shaparau, D. and Traverso, P.},
   affiliation = {University of Trento, ITALY},
   title = {Planning and Monitoring Web Service Composition},
   booktitle = {Artificial Intelligence: Methodology, Systems, and Applications},
   series = {Lecture Notes in Computer Science},
   editor = {Bussler, Christoph and Fensel, Dieter},
   publisher = {Springer Berlin},
   pages = {106-115},
   volume = {3192},
   url = {http://dx.doi.org/10.1007/978-3-540-30106-6\_11},
   note = {10.1007/978-3-540-30106-6\_11},
   year = {2004}
}

@inproceedings{Giunchiglia:1999:PMC:647868.737106,
 author = {Giunchiglia, Fausto and Traverso, Paolo},
 title = {Planning as Model Checking},
 booktitle = {Proceedings of the 5th European Conference on Planning: Recent Advances in AI Planning},
 year = {2000},
 isbn = {3-540-67866-2},
 pages = {1--20},
 numpages = {20},
 url = {http://portal.acm.org/citation.cfm?id=647868.737106},
 acmid = {737106},
 publisher = {Springer-Verlag},
 address = {London, UK},
}

@inproceedings{Inverardi:2007:RAC:1294904.1294908,
 author = {Inverardi, Paola and Tivoli, Massimo},
 title = {A reuse-based approach to the correct and automatic composition of web-services},
 booktitle = {International workshop on Engineering of software services for pervasive environments: in conjunction with the 6th ESEC/FSE joint meeting},
 series = {ESSPE '07},
 year = {2007},
 isbn = {978-1-59593-798-8},
 location = {Dubrovnik, Croatia},
 pages = {29--33},
 numpages = {5},
 url = {http://doi.acm.org/10.1145/1294904.1294908},
 doi = {http://doi.acm.org/10.1145/1294904.1294908},
 acmid = {1294908},
 publisher = {ACM},
 address = {New York, NY, USA},
}

@inproceedings{bertoli01,
  title={{MBP: a model based planner}},
  author={Bertoli, Piergiorgio and Cimatti, Alessandro and Pistore, Marco and Roveri, Marco and Traverso, Paolo},
  booktitle={Proceedings of the IJCAI'01 Workshop on Planning under Uncertainty and Incomplete Information},
  year={2001},
}

@inproceedings{universal,
 title = {Universal Plans for Reactive Robots in Unpredictable Environments},
 author = {Schoppers, M.J.},
 booktitle = {IJCAI},
 volume = {87},
 pages = {1039--1046},
 year = {1987},
 organization = {Citeseer},
 category = {Planning},
 read = {15/3/2010}
}

@article{cavallaro2009automatic,
  title={An automatic approach to enable replacement of conversational services},
  author={Cavallaro, L. and Di Nitto, E. and Pradella, M.},
  journal={Service-Oriented Computing},
  pages={159--174},
  year={2009},
  publisher={Springer}
}

@inproceedings{rogerio,
 author = {da Silva, Carlos Eduardo and de Lemos, Rog{\'e}rio},
 title = {Dynamic plans for integration testing of self-adaptive software systems},
 booktitle = {Proceedings of the 6th International Symposium on Software Engineering for Adaptive and Self-Managing Systems},
 series = {SEAMS '11},
 year = {2011},
 isbn = {978-1-4503-0575-4},
 location = {Waikiki, Honolulu, HI, USA},
 pages = {148--157},
 numpages = {10},
 url = {http://doi.acm.org/10.1145/1988008.1988029},
 doi = {10.1145/1988008.1988029},
 acmid = {1988029},
 publisher = {ACM},
 address = {New York, NY, USA},
 keywords = {component-based integration testing, dynamic workflows, process generation},
} 


@article{Hager:1989:SCR:76126.76140,
 author = {Hager, J. A.},
 title = {Software Cost Reduction Methods in Practice},
 journal = {IEEE Trans. Softw. Eng.},
 issue_date = {December 1989},
 volume = {15},
 number = {12},
 month = dec,
 year = {1989},
 issn = {0098-5589},
 pages = {1638--1644},
 numpages = {7},
 url = {http://dx.doi.org/10.1109/32.58775},
 doi = {10.1109/32.58775},
 acmid = {76140},
 publisher = {IEEE Press},
 address = {Piscataway, NJ, USA},
 keywords = {computer aided instruction, computer-based training system, documentation principles, engineering life-cycle, maintenance concerns, modern design, software cost reduction program, software engineering, system maintenance costs},
} 



@article{DBLP:journals/scp/BerryG92,
  author    = {G{\'e}rard Berry and
               Georges Gonthier},
  title     = {The Esterel Synchronous Programming Language: Design, Semantics,
               Implementation},
  journal   = {Sci. Comput. Program.},
  volume    = {19},
  number    = {2},
  year      = {1992},
  pages     = {87-152},
  ee        = {http://dx.doi.org/10.1016/0167-6423(92)90005-V},
  bibsource = {DBLP, http://dblp.uni-trier.de}
}


@article{russell95,
 title={{Artificial intelligence: a modern approach}},
 author={Russell, S. and Norvig, P.},
 journal={New Jersey},
 year={1995}
}


@inproceedings{DBLP:conf/sigsoft/AlfaroH01,
  author    = {Luca de Alfaro and
               Thomas A. Henzinger},
  title     = {Interface automata},
  booktitle = {ESEC / SIGSOFT FSE},
  year      = {2001},
  pages     = {109-120},
  ee        = {http://doi.acm.org/10.1145/503209.503226},
  crossref  = {DBLP:conf/sigsoft/2001},
  bibsource = {DBLP, http://dblp.uni-trier.de}
}
@proceedings{DBLP:conf/sigsoft/2001,
  title     = {Proceedings of the 8th European Software Engineering Conference
               held jointly with 9th ACM SIGSOFT International Symposium
               on Foundations of Software Engineering 2001, Vienna, Austria,
               September 10-14, 2001},
  booktitle = {SIGSOFT FSE/ESEC},
  publisher = {ACM},
  year      = {2001},
  bibsource = {DBLP, http://dblp.uni-trier.de}
}


@ARTICLE{CourteousCars, 
author={Kress-Gazit, H. and Conner, D.C. and Choset, H. and Rizzi, A.A. and Pappas, G.J.}, 
journal={Robotics Automation Magazine, IEEE}, 
title={Courteous Cars}, 
year={2008}, 
volume={15}, 
number={1}, 
pages={30-38}, 
keywords={automata theory;decentralised control;feedback;formal specification;mobile robots;multi-robot systems;path planning;decentralized multiagent traffic coordination;discrete automaton;high-level specification;low-level feedback control;mobile multirobot system;motion planning;Automata;Automatic control;Computer science;Feedback control;Logic;Orbital robotics;Robot kinematics;Robot sensing systems;Robotics and automation;Shape}, 
doi={10.1109/M-RA.2007.914921}, 
ISSN={1070-9932},}



@inproceedings{fusion,
  title={Fusion: a framework for engineering self-tuning self-adaptive software systems},
  author={Elkhodary, A. and Esfahani, N. and Malek, S.},
  booktitle={Proceedings of the 18th SIGSOFT Int. Symp. on Foundations of Soft. Eng.},
  pages={7--16},
  year={2010},
  organization={ACM}
}

@inproceedings{uncertainty,
  author    = {Naeem Esfahani and
               Sam Malek},
  title     = {Uncertainty in Self-Adaptive Software Systems},
  booktitle = {Software Engineering for Self-Adaptive Systems},
  year      = {2010},
  pages     = {214-238},
  ee        = {http://dx.doi.org/10.1007/978-3-642-35813-5_9},
  crossref  = {DBLP:conf/dagstuhl/2010adaptive},
  bibsource = {DBLP, http://dblp.uni-trier.de}
}
@proceedings{DBLP:conf/dagstuhl/2010adaptive,
  title     = {Software Engineering for Self-Adaptive Systems II - International
               Seminar, Dagstuhl Castle, Germany, October 24-29, 2010 Revised
               Selected and Invited Papers},
  booktitle = {Software Engineering for Self-Adaptive Systems},
  publisher = {Springer},
  series    = {Lecture Notes in Computer Science},
  volume    = {7475},
  year      = {2013},
  isbn      = {978-3-642-35812-8},
  ee        = {http://dx.doi.org/10.1007/978-3-642-35813-5},
  bibsource = {DBLP, http://dblp.uni-trier.de}
}

@inproceedings{sykesicse,
  title={Learning Revised Models For Planning In Adaptive Systems},
  author={Daniel Sykes and Domenico Corapi and Jeff Magee and Jeff Kramer and Alessandra Russo and Katsumi Inoue},
  booktitle={Proceedings of ICSE},
  year={2013}
}

@inproceedings{epifani,
  title={Model evolution by run-time parameter adaptation},
  author={Epifani, I. and Ghezzi, C. and Mirandola, R. and Tamburrelli, G.},
  booktitle={Software Engineering, 2009. ICSE 2009. IEEE 31st International Conference on},
  pages={111--121},
  year={2009},
  organization={IEEE}
}

@inproceedings{bencomo11,
  title={Towards requirements aware systems: Run-time resolution of design-time assumptions},
  author={Welsh, Kristopher and Sawyer, Pete and Bencomo, Nelly},
  booktitle={Automated Software Engineering (ASE), 2011 26th IEEE/ACM International Conference on},
  pages={560--563},
  year={2011},
  organization={IEEE}
}

@incollection{bencomo12,
year={2012},
isbn={978-3-642-33665-2},
booktitle={Model Driven Engineering Languages and Systems},
volume={7590},
series={Lecture Notes in Computer Science},
editor={France, Robert B. and Kazmeier, JÃ¼rgen and Breu, Ruth and Atkinson, Colin},
doi={10.1007/978-3-642-33666-9_5},
title={Relaxing Claims: Coping with Uncertainty While Evaluating Assumptions at Run Time},
url={http://dx.doi.org/10.1007/978-3-642-33666-9_5},
publisher={Springer Berlin Heidelberg},
author={Ramirez, Andres J. and Cheng, Betty H.C. and Bencomo, Nelly and Sawyer, Pete},
pages={53-69}
}

@article{arshad,
 title = {Deployment and Dynamic Reconfiguration Planning for Distributed Software Systems},
 author = {Naveed Arshad and Dennis Heimbigner and Alexander L. Wolf},
 read = {11/6/2007},
 category = {Self-adaptive},
 journal = {Software Quality Journal},
 pages = {265--281},
 year = {2007},
 number = {3},
 volume = {15}
}

@article{workflow2,
 author = {Carlos Eduardo da Silva and Rogerio de Lemos},
 title = {Using Dynamic Workflows for Coordinating Self-Adaptation of Software Systems},
 journal = {Software Engineering for Adaptive and Self-Managing Systems, International Workshop on},
 volume = {0},
 year = {2009},
 isbn = {978-1-4244-3724-5},
 pages = {86-95},
 doi = {http://doi.ieeecomputersociety.org/10.1109/SEAMS.2009.5069077},
 publisher = {IEEE Computer Society},
 address = {Los Alamitos, CA, USA},
 category = {Self-adaptive},
 read = {1/10/2009}
}

@inproceedings{tamburrelli13,
  title={Managing non-functional uncertainty via model-driven adaptivity},
  author={Ghezzi, Carlo and Pinto, Leandro Sales and Spoletini, Paola and Tamburrelli, Giordano},
  booktitle={Proceedings of the Intl. Conf. on Software Engineering},
  pages={33--42},
  year={2013},
  organization={IEEE Press}
}

@inproceedings{gorla13,
  title={Automatic recovery from runtime failures},
  author={Carzaniga, Antonio and Gorla, Alessandra and Mattavelli, Andrea and Perino, Nicolo and Pezze, Mauro},
  booktitle={Proceedings of the 2013 International Conference on Software Engineering},
  pages={782--791},
  year={2013},
  organization={IEEE Press}
}

@article{randell75,
  title={System structure for software fault tolerance},
  author={Randell, Brian},
  journal={Software Engineering, IEEE Transactions on},
  number={2},
  pages={220--232},
  year={1975},
  publisher={IEEE}
}

@inproceedings{specsafe2,
  title={Formalizing correctness criteria of dynamic updates derived from specification changes},
  author={Panzica La Manna, Valerio and Greenyer, Joel and Ghezzi, Carlo and Brenner, Christian},
  booktitle={Proceedings of the Int. Symp. on Software Engineering for Adaptive and Self-Managing Systems},
  pages={63--72},
  year={2013},
  organization={IEEE Press}
}

@inproceedings{modeldyn,
 author = {Ji Zhang and Betty H. C. Cheng},
 title = {Model-Based Development of Dynamically Adaptive Software},
 booktitle = {ICSE '06: Proceeding of the 28th international conference on Software engineering},
 year = {2006},
 isbn = {1-59593-375-1},
 pages = {371--380},
 location = {Shanghai, China},
 doi = {http://doi.acm.org/10.1145/1134285.1134337},
 publisher = {ACM Press},
 address = {New York, NY, USA},
 category = {Self-adaptive},
 read = {9/3/2007}
}

@inproceedings{bencomo09,
  title={Relax: Incorporating uncertainty into the specification of self-adaptive systems},
  author={Whittle, Jon and Sawyer, Peter and Bencomo, Nelly and Cheng, Betty HC and Bruel, J-M},
  booktitle={Requirements Engineering Conference, 2009. RE'09. 17th IEEE International},
  pages={79--88},
  year={2009},
  organization={IEEE}
}

@incollection{roadmap09,
year={2009},
isbn={978-3-642-02160-2},
booktitle={Software Engineering for Self-Adaptive Systems},
volume={5525},
series={LNCS},
doi={10.1007/978-3-642-02161-9_1},
title={Software Engineering for Self-Adaptive Systems: A Research Roadmap},
url={http://dx.doi.org/10.1007/978-3-642-02161-9_1},
publisher={Springer Berlin Heidelberg},
author={Cheng, Betty H.C. and others},
pages={1-26}
}

@techreport{giese12,
author = {Giese, Holger and Schaefer, Wilhelm},
title = {Model-Driven Development of Safe Self-Optimizing Mechatronic Systems with Mechatronic{U}{M}{L}},
number = {tr-ri-12-322},
institution = { Heinz Nixdorf Institute, University of Paderborn},
month = apr,
year = {2012},
}

@article{dorina12,
  title={Dependability Modeling and Assessment in UML-Based Software Development},
  author={Bernardi, Simona and Merseguer, Jos{\'e} and Petriu, Dorina C},
  journal={The Scientific World Journal},
  volume={2012},
  year={2012},
  publisher={The Scientific World Journal}
}

@INPROCEEDINGS{litoiu11, 
author={Checiu, L. and Solomon, B. and Ionescu, D. and Litoiu, M. and Iszlai, G.}, 
booktitle={Applied Computational Intelligence and Informatics (SACI), 2011 6th IEEE International Symposium on}, 
title={Observability and controllability of autonomic computing systems for composed Web services}, 
year={2011}, 
pages={269-274}, 
keywords={Web services;controllability;fault tolerant computing;observability;IT infrastructure control software framework;IT infrastructure management software;Kalman based control;autonomic computing model;autonomic computing system;cloud based service;composed Web service;control system;controllability;cooperation protocol;global process dynamic;input-state-output mathematical model;intelligent algorithm;observability;parallel composition;resource utilization variation;Computational modeling;Controllability;Kalman filters;Mathematical model;Observability;Time factors;Web services}, 
doi={10.1109/SACI.2011.5873012},}

@INPROCEEDINGS{fuzzygoal, 
author={Baresi, L. and Pasquale, L. and Spoletini, P.}, 
booktitle={Requirements Engineering Conference (RE), 2010 18th IEEE International}, 
title={Fuzzy Goals for Requirements-Driven Adaptation}, 
year={2010}, 
pages={125-134}, 
keywords={formal specification;formal verification;fuzzy set theory;mathematical programming;self-adjusting systems;systems analysis;FLAGS;KAOS model;crisp goal;fuzzy constraint;fuzzy goal;requirement driven adaptation;runtime entity;selfadaptation;software system;Adaptation model;Energy consumption;Green products;Powders;Runtime;Semantics;Washing machines;Fuzzy Goals;Goals;KAOS;Self-Adaptation}, 
doi={10.1109/RE.2010.25}, 
ISSN={1090-705X},}

@article{mapek,
  title={An architectural blueprint for autonomic computing},
  author={Computing, Autonomic and others},
  journal={IBM White Paper},
  year={2006}
}

@inproceedings{goldsby2008goal,
  title={Goal-based modeling of dynamically adaptive system requirements},
  author={Goldsby, Heather J and Sawyer, Peter and Bencomo, Nelly and Cheng, Betty HC and Hughes, Danny},
  booktitle={Engineering of Computer Based Systems, 2008. ECBS 2008. 15th Annual IEEE International Conference and Workshop on the},
  pages={36--45},
  year={2008},
  organization={IEEE}
}